\begin{thebibliography}{2}

@article{spencer2004zero,
    author={Spencer, Q.H. and Swindlehurst, A.L. and Haardt, M.},
    journal={IEEE Transactions on Signal Processing}, title={Zero-forcing methods for downlink spatial multiplexing in multiuser \emph{MIMO} channels},
    year={2004},
    month={feb.},
    volume={52},
    number={2},
    pages={ 461 - 471},
    doi={10.1109/TSP.2003.821107},
    ISSN={1053-587X},
    }

@article{shen2006low,
    title={Low complexity user selection algorithms for multiuser \emph{MIMO} systems with block diagonalization},
    author={Shen, Z. and Chen, R. and Andrews, J.G. and Heath, R.W. and Evans, B.L.},
    journal={IEEE Transactions on Signal Processing},
    volume={54},
    number={9},
    pages={3658--3663},
    year={2006},
    publisher={IEEE},
    }

@article{ko2012determinant,
    title={Determinant-based \emph{MIMO} scheduling with re-duced pilot overhead},
    author={Ko, K. and Lee, J.},
    journal={EURASIP Journal on Wireless Communications and Networking},
    volume={2012},
    number={1},
    pages={71},
    year={2012},
    publisher={Springer},
    }

@article{wiesel2008zero,
    title={Zero-forcing precoding and generalized inverses},
    author={Wiesel, A. and Eldar, Y.C. and Shamai, S.},
    journal={IEEE Transactions on Signal Processing},
    volume={56},
    number={9},
    pages={4409--4418},
    year={2008},
    publisher={IEEE},
    }

@article{dimic2005downlink,
    title={On Downlink beamforming with greedy user selection: performance analysis and a simple new algorithm},
    author={Dimic, G. and Sidiropoulos, N.D.},
    journal={IEEE Transactions on Signal Processing},
    volume={53},
    number={10},
    pages={3857--3868},
    year={2005},
    publisher={IEEE},
    }

@inproceedings{wang2010maximum,
    title={Maximum volume criterion for user selection of multiuser \emph{MIMO} downlink with multiantenna users and block diagonalization beamforming},
    author={Wang, B.H. and Hui, H.T. and Yu, Y.T.},
    booktitle={IEEE Conference on Antennas and Propagation Society International Symposium (APSURSI), 2010},
    pages={1--4},
    year={2010},
    organization={IEEE},
    }

@inproceedings{jin2010novel,
    title={A novel volume-based scheduling scheme for multiuser multiple-input multiple-output downlink system},
    author={Jin, L. and Gu, X. and Hu, Z.},
    booktitle={IEEE Conference on Radio and Wireless Symposium (RWS), 2010},
    pages={448--451},
    year={2010},
    organization={IEEE},
    }

@inproceedings{youtuan2007improved,
    title={An improved norm-based user selection algorithm for multiuser \emph{MIMO} systems with block diagonalization},
    author={Youtuan, Z. and Zhihua, T. and Jinkang, Z.},
    booktitle={IEEE 66th Vehicular Technology Conference, 2007. VTC-2007 Fall. 2007},
    pages={601--605},
    year={2007},
    organization={IEEE},
    }

@article{traniterative,
    journal={IEEE Transactions on Signal Processing},
    title={Iterative Precoder Design and User Scheduling for Block-Diagonalized Systems},
    author={Le-Nam Tran and Bengtsson, M. and Ottersten, B.},
    year={2012},month={july }, volume={60}, number={7}, pages={3726 -3739},doi={10.1109/TSP.2012.2192433},
    ISSN={1053-587X},
    }

@inproceedings{sun2009eigenmode,
    title={Eigenmode transmission for the \emph{MIMO} broadcast channel with semi-orthogonal user selection},
    author={Sun, L. and McKay, M.R.},
    booktitle={Global Telecommunications Conference, 2009. GLOBECOM 2009},
    pages={1--6},
    year={2009},
    organization={IEEE},
    }

@inproceedings{zhang2007user,
    title={User selection schemes in multiple antenna broadcast channels with guaranteed performance},
    author={Zhang, X. and Jorswieck, E.A. and Ottersten, B. and Paulraj, A.},
    booktitle={IEEE 8th Workshop on Signal Processing Advances in Wireless Communications, 2007. SPAWC 2007},
    pages={1--5},
    year={2007},
    organization={IEEE},
    }

@inproceedings{queuevsinfo,
    title={Information theory vs. queueing theory for resource allocation in multiple access channels},
    author={ParandehGheibi, A. and M{\'e}dard, M. and Ozdaglar, A. and Eryilmaz, A.},
    booktitle={IEEE 19th International Symposium on Personal, Indoor and Mobile Radio Communications, 2008. PIMRC 2008},
    pages={1--5},
    year={2008},
    organization={IEEE},
    }

@book{cover1991elements,
    title={Elements of information theory},
    author={Cover, T.M. and Thomas, J.A. and Wiley, J. and others},
    volume={6},
    year={1991},
    publisher={Wiley Online Library},
    }

@book{horn1990matrix,
    title={Matrix analysis},
    author={Horn, R.A. and Johnson, C.R.},
    year={1990},
    publisher={Cambridge Univ Press},
    }

@article{saaty2008decision,
    title={Decision making with the analytic hierarchy process},
    author={Saaty, T.L.},
    journal={International Journal of Services Sciences},
    volume={1},
    number={1},
    pages={83--98},
    year={2008},
    publisher={Interscience},
    }

@article{jain1984quantitative,
    title={A quantitative measure of fairness and discrimination for resource allocation in shared computer systems},
    author={Jain, R. and Chiu, D.M. and Hawe, W.},
    journal={DEC research report TR-301},
    year={1984},
    }

@article{sus2006zfbf,
    author={Taesang Yoo and Goldsmith, A.},
    journal={IEEE Journal on Selected Areas in Communications},
    title={On the optimality of multiantenna broadcast scheduling using zero-forcing beamforming},
    year={2006},
    month={march},
    volume={24}, number={3}, pages={528 - 541},
    doi={10.1109/JSAC.2005.862421},
    ISSN={0733-8716},
    }

@inproceedings{icsps2010,
    author={Wang Li and Yang Ke and Hu Hanying and Cui Weijia},
    booktitle={International Conference on Signal Processing Systems (ICSPS), 2010 2nd},
    title={Low complexity user selection for \emph{MU-MIMO} downlink based on \emph{MSMSE} transceiver},
    year={2010},
    month={july},
    volume={2}, number={},
    pages={V2-702 -V2-706},
    doi={10.1109/ICSPS.2010.5555832},
    ISSN={},
    }

@inproceedings{genetic_search,
    author={Sigdel, S. and Elliott, R.C. and Krzymien, W.A. and Al-Shalash, M.},
    booktitle={IEEE 70th Vehicular Technology Conference Fall (VTC 2009-Fall), 2009},
    title={Greedy and Genetic User Scheduling Algorithms for Multiuser \emph{MIMO} Systems with Block Diagonalization},
    year={2009},
    month={sept.},
    volume={},
    number={},
    pages={1 -6},
    doi={10.1109/VETECF.2009.5378984},
    ISSN={1090-3038},
    }

@book{tse2005fundamentals,
  title={Fundamentals of wireless communication},
  author={Tse, D. and Viswanath, P.},
  year={2005},
  publisher={Cambridge university press}
}

@article{wmmse_shi,
author={Qingjiang Shi and Razaviyayn, M. and Zhi-Quan Luo and Chen He},
journal={IEEE Transactions on Signal Processing}, title={An Iteratively Weighted MMSE Approach to Distributed Sum-Utility Maximization for a MIMO Interfering Broadcast Channel},
year={2011},
month={sept. },
volume={59},
number={9},
pages={4331 -4340},
doi={10.1109/TSP.2011.2147784},
ISSN={1053-587X},}

@article{neely2010stochastic,
  title={Stochastic network optimization with application to communication and queueing systems},
  author={Neely, M.J.},
  journal={Synthesis Lectures on Communication Networks},
  volume={3},
  number={1},
  pages={1--211},
  year={2010},
  publisher={Morgan \& Claypool Publishers}
}

@article{neely2012stability,
  title={Stability and Probability 1 Convergence for Queueing Networks via Lyapunov Optimization},
  author={Neely, M.J.},
  journal={Journal of Applied Mathematics},
  volume={2012},
  year={2012},
  publisher={Hindawi Publishing Corporation}
}

@book{adaptation_crosslayer,
 title = {Adaptation and Cross Layer Design in Wireless Networks},
 author = {Mohamed Ibnkahla},
 year = {2008},
 publisher = {CRC press},
 ISBN = {978-1-4200-4603-8}
}

@INPROCEEDINGS{antti_user_selection,
author={Tolli, A. and Juntti, M.},
booktitle={IEEE 16th International Symposium on Personal, Indoor and Mobile Radio Communications, (PIMRC) 2005.}, title={Scheduling for Multiuser MIMO Downlink with Linear Processing},
year={2005},
month={sept.},
volume={1},
number={},
pages={156 -160},
doi={10.1109/PIMRC.2005.1651418},
ISSN={},}

@INPROCEEDINGS{antti_coord_user_selection_1,
author={Tolli, A. and Pennanen, H. and Komulainen, P.},
booktitle={IEEE Wireless Communications and Networking Conference, (WCNC)}, title={SINR Balancing with Coordinated Multi-Cell Transmission},
year={2009},
month={april},
volume={},
number={},
pages={1 -6},
doi={10.1109/WCNC.2009.4917969},
ISSN={1525-3511},}

@INPROCEEDINGS{antti_coord_user_selection,
author={Tolli, A. and Pennanen, H. and Komulainen, P.},
booktitle={IEEE International Conference on Communications Workshops (ICC)},
title={On the Value of Coherent and Coordinated Multi-Cell Transmission},
year={2009},
pages={1-5},
keywords={MIMO communication;antenna arrays;array signal processing;broadcast channels;cellular radio;channel allocation;interference suppression;optimisation;wireless channels;BS antenna head;MIMO channel;channel allocation algorithm;coherent multicell beamforming;coordinated multicell transmission method;data stream transmission;distributed base station;dynamic user allocation;intercell interference avoidance;linear transceiver;multicell processing;power constraint;single antenna receiver;single-cell beamforming;system optimisation;virtual multiantenna broadcast channel;weighted SINR maximisation;Array signal processing;Base stations;Channel allocation;Dynamic scheduling;Interference constraints;MIMO;Receiving antennas;Signal to noise ratio;Transceivers;Wireless communication},
doi={10.1109/ICCW.2009.5208029},}

@ARTICLE{sadek,
author={Sadek, M. and Tarighat, A. and Sayed, A.H.},
journal={IEEE Transactions on Wireless Communications},
title={A Leakage-Based Precoding Scheme for Downlink Multi-User MIMO Channels},
year={2007},
volume={6},
number={5},
pages={1711-1721},
keywords={MIMO communication;channel coding;channel estimation;cochannel interference;interference suppression;matrix algebra;precoding;radio links;wireless channels;Alamouti coding;SLNR;channel estimation errors;cochannel interference suppression;downlink multi-user MIMO channels;leakage-based precoding scheme;multiuser MIMO downlink communications;signal-to-leakage-and-noise ratio;zero-forcing solutions;Array signal processing;Channel estimation;Downlink;Interchannel interference;Iterative decoding;MIMO;Radiofrequency interference;Receiving antennas;Signal design;Signal to noise ratio},
doi={10.1109/TWC.2007.360373},
ISSN={1536-1276},}

@INPROCEEDINGS{leakage,
author={Fenggang Sun and Ju Liu and Peng Lan and Hongji Xu and Yujun Li},
booktitle={Communications and Networking in China, 2008. ChinaCom 2008. Third International Conference on},
title={A suboptimal user selection algorithm for wireless broadcast channels},
year={2008},
pages={416-420},
keywords={antenna arrays;broadcast channels;cochannel interference;SLNR precoding;cochannel interference;downlink broadcast channels;multiple-antenna base station;scheduling algorithm;signal-to-leakage-noise ratio;suboptimal user selection algorithm;wireless broadcast channels;Base stations;Broadcasting;Downlink;Interchannel interference;MIMO;Mobile antennas;Mobile communication;Noise cancellation;Radiofrequency interference;Scheduling algorithm;SLNR;downlink;multiuser MIMO;scheduling;user selection},
doi={10.1109/CHINACOM.2008.4685054},}

\end{thebibliography}
